<record><leader>00000cas a2200000 a 4500</leader><controlfield tag="001">17931680</controlfield><controlfield tag="008">880510d194519uuwauwr nea     0   a0eng d</controlfield><datafield ind1=" " ind2=" " tag="010"><subfield code="a">sn 88085611 </subfield></datafield><datafield ind1=" " ind2=" " tag="040"><subfield code="a">SLZ</subfield><subfield code="b">eng</subfield><subfield code="c">SLZ</subfield><subfield code="d">OCL</subfield><subfield code="d">OCLCQ</subfield><subfield code="d">OCLCF</subfield><subfield code="d">OCLCO</subfield></datafield><datafield ind1=" " ind2=" " tag="042"><subfield code="a">msc</subfield></datafield><datafield ind1=" " ind2=" " tag="043"><subfield code="a">n-us-wa</subfield></datafield><datafield ind1="0" ind2="0" tag="245"><subfield code="a">Salute</subfield><subfield code="h">[microform].</subfield></datafield><datafield ind1=" " ind2=" " tag="260"><subfield code="a">Bremerton, Wash. :</subfield><subfield code="b">Puget Sound Naval Shipyard</subfield></datafield><datafield ind1=" " ind2=" " tag="300"><subfield code="a">v.</subfield></datafield><datafield ind1=" " ind2=" " tag="310"><subfield code="a">Weekly</subfield></datafield><datafield ind1=" " ind2=" " tag="515"><subfield code="a">Numbering slightly irregular.</subfield></datafield><datafield ind1=" " ind2=" " tag="515"><subfield code="a">Vols. for 1968-1970 called v. 28; vol. for 1971-1972 called v. 29-30.</subfield></datafield><datafield ind1=" " ind2=" " tag="588"><subfield code="a">Description based on: Vol. 5, no. 12 (Dec. 14, 1945).</subfield></datafield><datafield ind1=" " ind2="0" tag="651"><subfield code="a">Bremerton (Wash.)</subfield><subfield code="v">Newspapers.</subfield></datafield><datafield ind1=" " ind2="7" tag="655"><subfield code="a">Newspapers.</subfield><subfield code="2">fast</subfield><subfield code="0">(OCoLC)fst01423814</subfield></datafield><datafield ind1=" " ind2="7" tag="651"><subfield code="a">Washington (State)</subfield><subfield code="z">Bremerton.</subfield><subfield code="2">fast</subfield><subfield code="0">(OCoLC)fst01215424</subfield></datafield><datafield ind1="2" ind2=" " tag="710"><subfield code="a">Puget Sound Naval Shipyard.</subfield></datafield><datafield ind1=" " ind2=" " tag="752"><subfield code="a">United States</subfield><subfield code="b">Washington</subfield><subfield code="c">Kitsap</subfield><subfield code="d">Bremerton.</subfield></datafield><datafield ind1="0" ind2="0" tag="780"><subfield code="t">Navy Yard salute</subfield><subfield code="g">1945</subfield><subfield code="w">(DLC)sn 88085612</subfield></datafield></record>